@manual{sample,
  author = {TU Dortmund},
  title = {Versuch Nr. 504: Thermische Elektronenemission},
  year = 2020
}
